@article{multiplication_table_problem,
Author = {Richard Brent and Carl Pomerance and David Purdum and Jonathan Webster},
Title = {Algorithms for the Multiplication Table Problem},
Year = {2019},
Eprint = {arXiv:1908.04251},
Howpublished = {Integers 21 (2021), \#A92},
}

@techreport{sieve_eratosthenes,
  title={An introduction to prime number sieves},
  author={Sorenson, Jonathan},
  year={1990},
  institution={University of Wisconsin-Madison Department of Computer Sciences}
}